<?xml version="1.0" encoding="UTF-8"?><collection xmlns="http://www.loc.gov/MARC21/slim"><record><leader>00642nam--2200193-i-4500</leader><controlfield tag="001">000001794</controlfield><controlfield tag="002">20161230</controlfield><controlfield tag="005">20161230201024</controlfield><controlfield tag="008">060222s1000------------r-----000-0-fre-d</controlfield><datafield ind1=" " ind2=" " tag="040"><subfield code="a">IFIN-HH</subfield></datafield><datafield ind1=" " ind2=" " tag="041"><subfield code="a">fre</subfield></datafield><datafield ind1=" " ind2=" " tag="080"><subfield code="a">539.143.43</subfield></datafield><datafield ind1="1" ind2=" " tag="100"><subfield code="a">Erbeia, A</subfield></datafield><datafield ind1="1" ind2="0" tag="245"><subfield code="a">Resonances magnetiques</subfield><subfield code="b">Recueil de travaux des sessions de perfectionnement institut national des sciences appliquees, lyon, no.4</subfield><subfield code="c">A. erbeia (coordonateur)</subfield></datafield><datafield ind1=" " ind2=" " tag="260"><subfield code="a">Paris</subfield><subfield code="b">Masson Et C-ie</subfield><subfield code="c">1969</subfield></datafield><datafield ind1=" " ind2=" " tag="300"><subfield code="a">IX + 268 P</subfield></datafield><datafield ind1=" " ind2=" " tag="490"><subfield code="a">Monographies Du Centre D'Actualisation Scientifique Et Technique</subfield></datafield><datafield ind1=" " ind2=" " tag="852"><subfield code="a">31494</subfield><subfield code="c">539.143.43</subfield></datafield><datafield ind1=" " ind2=" " tag="CAT"><subfield code="a">Sys</subfield><subfield code="c">20120503</subfield><subfield code="h">145725</subfield></datafield></record></collection>